<record><leader>00000cas a2200000 a 4500</leader><controlfield tag="001">34461547</controlfield><controlfield tag="007">hd bfu---baca</controlfield><controlfield tag="008">960326d1848185umouwr nea     0    0eng d</controlfield><datafield ind1=" " ind2=" " tag="010"><subfield code="a">sn 96080195 </subfield></datafield><datafield ind1=" " ind2=" " tag="040"><subfield code="a">NVG</subfield><subfield code="b">eng</subfield><subfield code="c">NVG</subfield><subfield code="d">OCL</subfield><subfield code="d">OCLCQ</subfield><subfield code="d">OCLCF</subfield><subfield code="d">OCLCO</subfield></datafield><datafield ind1="1" ind2=" " tag="029"><subfield code="a">AU@</subfield><subfield code="b">000012446582</subfield></datafield><datafield ind1=" " ind2=" " tag="042"><subfield code="a">msc</subfield></datafield><datafield ind1=" " ind2=" " tag="043"><subfield code="a">n-us-mo</subfield></datafield><datafield ind1="0" ind2=" " tag="130"><subfield code="a">St. Joseph gazette (Saint Joseph, Mo. : 1848 : Weekly)</subfield></datafield><datafield ind1="1" ind2="0" tag="245"><subfield code="a">St. Joseph gazette</subfield><subfield code="h">[microform].</subfield></datafield><datafield ind1="0" ind2="0" tag="246"><subfield code="a">Saint Joseph weekly gazette</subfield></datafield><datafield ind1="1" ind2="0" tag="246"><subfield code="a">Saint Joseph gazette</subfield></datafield><datafield ind1=" " ind2=" " tag="260"><subfield code="a">Saint Joseph, Mo. :</subfield><subfield code="b">Ridenbaugh &amp; Co.</subfield></datafield><datafield ind1=" " ind2=" " tag="300"><subfield code="a">v.</subfield></datafield><datafield ind1=" " ind2=" " tag="310"><subfield code="a">Weekly</subfield></datafield><datafield ind1="0" ind2=" " tag="362"><subfield code="a">Vol. 4, no. 1 (Oct. 27, 1848)-</subfield></datafield><datafield ind1=" " ind2=" " tag="500"><subfield code="a">Published as: Saint Joseph weekly gazette, &lt;Feb. 28, Apr. 25, 1855&gt;.</subfield></datafield><datafield ind1=" " ind2=" " tag="533"><subfield code="a">Microfilm.</subfield><subfield code="b">Columbia, Mo. :</subfield><subfield code="c">Filmed by Recordak Corp. for the State Historical Society of Missouri.</subfield><subfield code="e">2 microfilm reels : negative ; 35 mm.</subfield></datafield><datafield ind1=" " ind2="0" tag="651"><subfield code="a">Saint Joseph (Mo.)</subfield><subfield code="v">Newspapers.</subfield></datafield><datafield ind1=" " ind2="7" tag="655"><subfield code="a">Newspapers.</subfield><subfield code="2">fast</subfield><subfield code="0">(OCoLC)fst01423814</subfield></datafield><datafield ind1=" " ind2="7" tag="651"><subfield code="a">Missouri</subfield><subfield code="z">Saint Joseph.</subfield><subfield code="2">fast</subfield><subfield code="0">(OCoLC)fst01211419</subfield></datafield><datafield ind1=" " ind2=" " tag="752"><subfield code="a">United States</subfield><subfield code="b">Missouri</subfield><subfield code="c">Buchanan</subfield><subfield code="d">Saint Joseph.</subfield></datafield><datafield ind1="1" ind2=" " tag="776"><subfield code="c">Original</subfield><subfield code="w">(DLC)sn 84020137</subfield></datafield><datafield ind1="0" ind2="0" tag="780"><subfield code="t">Gazette (Saint Joseph, Mo.)</subfield><subfield code="w">(DLC)sn 96080194</subfield></datafield><datafield ind1="0" ind2="0" tag="785"><subfield code="t">Weekly Saint Joseph gazette</subfield></datafield></record>